<record><leader>00000cas a2200000 a 4500</leader><controlfield tag="001">11487016</controlfield><controlfield tag="008">841213c19639999nyuwr ne      0   a0eng d</controlfield><datafield ind1=" " ind2=" " tag="010"><subfield code="a">sn 84002147 </subfield></datafield><datafield ind1=" " ind2=" " tag="040"><subfield code="a">NSD</subfield><subfield code="b">eng</subfield><subfield code="c">NSD</subfield><subfield code="d">NYS</subfield><subfield code="d">OCLCQ</subfield><subfield code="d">OCLCO</subfield><subfield code="d">OCLCF</subfield></datafield><datafield ind1=" " ind2=" " tag="012"><subfield code="m">1</subfield></datafield><datafield ind1="1" ind2=" " tag="022"><subfield code="a">8750-4537</subfield><subfield code="l">8750-4537</subfield><subfield code="2">1</subfield></datafield><datafield ind1="1" ind2=" " tag="029"><subfield code="a">AU@</subfield><subfield code="b">000020343935</subfield></datafield><datafield ind1=" " ind2=" " tag="032"><subfield code="a">467570</subfield><subfield code="b">USPS</subfield></datafield><datafield ind1=" " ind2=" " tag="042"><subfield code="a">nsdp</subfield></datafield><datafield ind1=" " ind2=" " tag="043"><subfield code="a">n-us-ny</subfield></datafield><datafield ind1=" " ind2="0" tag="222"><subfield code="a">North Castle news</subfield></datafield><datafield ind1="0" ind2="0" tag="245"><subfield code="a">North Castle news.</subfield></datafield><datafield ind1=" " ind2=" " tag="260"><subfield code="a">Armonk, N.Y. :</subfield><subfield code="b">Edith Hahn,</subfield><subfield code="c">1963-</subfield></datafield><datafield ind1=" " ind2=" " tag="300"><subfield code="a">v. :</subfield><subfield code="b">ill. ;</subfield><subfield code="c">40-58 cm.</subfield></datafield><datafield ind1=" " ind2=" " tag="310"><subfield code="a">Weekly,</subfield><subfield code="b">&lt;Mar. 13, 1985-&gt;</subfield></datafield><datafield ind1=" " ind2=" " tag="321"><subfield code="a">Weekly (except bimonthly July &amp; Aug., and not published 1st week in Jan.)</subfield></datafield><datafield ind1=" " ind2=" " tag="321"><subfield code="a">Weekly (not published 1st week in Jan., July &amp; Aug.),</subfield><subfield code="b">&lt;Oct. 24, 1984-&gt;</subfield></datafield><datafield ind1="0" ind2=" " tag="362"><subfield code="a">Vol. 1, no. 1 (Dec. 4, 1963)-</subfield></datafield><datafield ind1=" " ind2=" " tag="500"><subfield code="a">Published by North Castle News, Inc., 1964-1986; Martinelli, June 12, 1986-</subfield></datafield><datafield ind1=" " ind2=" " tag="500"><subfield code="a">"Serving Armonk--Banksville--North White Plains--Bear Ridge."</subfield></datafield><datafield ind1=" " ind2=" " tag="515"><subfield code="a">Some issues combined.</subfield></datafield><datafield ind1=" " ind2=" " tag="515"><subfield code="a">Vols. for 1986, 1987 both called vol. 23.</subfield></datafield><datafield ind1=" " ind2="0" tag="651"><subfield code="a">Armonk (N.Y.)</subfield><subfield code="v">Newspapers.</subfield></datafield><datafield ind1=" " ind2="0" tag="651"><subfield code="a">North Castle (N.Y. : Town)</subfield><subfield code="v">Newspapers.</subfield></datafield><datafield ind1=" " ind2="0" tag="651"><subfield code="a">Westchester County (N.Y.)</subfield><subfield code="v">Newspapers.</subfield></datafield><datafield ind1=" " ind2="7" tag="655"><subfield code="a">Newspapers.</subfield><subfield code="2">fast</subfield><subfield code="0">(OCoLC)fst01423814</subfield></datafield><datafield ind1=" " ind2="7" tag="651"><subfield code="a">New York (State)</subfield><subfield code="z">Armonk.</subfield><subfield code="2">fast</subfield><subfield code="0">(OCoLC)fst01231131</subfield></datafield><datafield ind1=" " ind2="7" tag="651"><subfield code="a">New York (State)</subfield><subfield code="z">North Castle (Town)</subfield><subfield code="2">fast</subfield><subfield code="0">(OCoLC)fst01799293</subfield></datafield><datafield ind1=" " ind2="7" tag="651"><subfield code="a">New York (State)</subfield><subfield code="z">Westchester County.</subfield><subfield code="2">fast</subfield><subfield code="0">(OCoLC)fst01202684</subfield></datafield><datafield ind1=" " ind2=" " tag="752"><subfield code="a">United States</subfield><subfield code="b">New York</subfield><subfield code="c">Westchester</subfield><subfield code="d">Armonk.</subfield></datafield></record>